% Biblio articles, Gael Sola


@BOOK{ContribSola12,
  title = {Summary of the manual for building tree volume and biomass 
	allometric equations: from field measurement to prediction},
  publisher = {Food and Agriculture Organization of the United Nations and 
	Centre de Coop{\'e}ration Internationale en Recherche Agronomique pour 
	le D{\'e}veloppement},
  year = {2012},
  author = {Sola, G. and Picard, N. and Saint-Andr{\'e}, L. and Henry, M.},
  pages = {20},
  address = {Rome, Montpellier},
  edition = {},
  abstract = {},
  citation = {},
  keywords = {contrib},
  source = {}
}

