Biblio articles, Gael Sola

@TECHREPORT{Baldasso12,
  author = {Baldasso, M. and Birigazzi, L. and Trotta, C. and Sola, G. and Henry, M.},
  title = {Tutorial for Tree Allometric Equation Database Development},
  institution = {Food and Agriculture Organisation of the United Nations, 
	Centre de Coop{\'e}ration Internationale en Recherche Agronomique pour le D{\'e}veloppement, 
	Department for Innovation in Biological, Agro-food and Forest systems of the University of Tuscia},
  year = {2012},
  type = {},
  number = {},
  address = {Rome, Italy},
  month = {}
}

@inproceedings{Birigazzi2015,
author = {Birigazzi, Luca and Gamarra, Javier and Sola, Gael and Giaccio, Stefano and Donegan, Emily and Murillo, Julian and Henry, Matieu and Picard, Nicolas},
year = {2015},
month = {},
pages = {},
title = {Toward a transparent and consistent quality control procedure for tree biomass allometric equations},
booktitle = {XIV WORLD FORESTRY CONGRESS, Durban, South Africa, 7-11 September 2015}
}

@TECHREPORT{Costello2016,
  author = {Costello,  L. and Sola,  G. and Akhter, M. and  Henry,  M.},
  title = {Forest Biomass in Bangladesh: An historical review of forest inventories to assist national estimates},
  institution = {Bangladesh Forest Department and Food and Agricultural Organization of the United Nations},
  year = {2016},
  type = {},
  number = {},
  address = {Dhaka, Bangladesh}
}

@TECHREPORT{Donegan2014,
  author = {Donegan,  E. and Sola,  G. and Cheng,  Z. and Birigazzi,  L. and  Gamarra,  J.G.P and  Henry,  M. and Vieilledent,  G. and Chiti, T.},
  title = {GlobAllomeTree’s wood density database},
  institution = {Food and Agriculture Organisation of the United Nations, 
	Centre de Coop{\'e}ration Internationale en Recherche Agronomique pour le D{\'e}veloppement, 
	Department for Innovation in Biological, Agro-food and Forest systems of the University of Tuscia},
  year = {2014},
  type = {},
  number = {},
  address = {Rome, Italy},
  month = {}
}

@ARTICLE{Epron12,
  author = {Epron, D. and Nouvellon, Y. and Mareschal, L. and Moreira, R. and  Koutika, L.S. 
	and Geneste, B. and Sinforiano Delgado-Rojas, J. and Laclau, J.P. and Sola, G. 
	and Leonardo de Moraes Gon{\'c}alves, J. and Bouillet, J.P.},
  title = {Partitioning of net primary production in Eucalyptus and Acacia stands 
	and in mixed-species plantations: Two case-studies in contrasting 
	tropical environments},
  journal = {Forest Ecology and Management},
  year = {2012},
  volume = {},
  pages = {},
  citation = {},
  keywords = {},
  source = {}
}

@TECHREPORT{FAO2018fs,
  author = {FAO},
  institution = {Food and Agriculture Organization of the United Nations},
  type = {},
  number = {},
  year = {2018},
  month = {},
  pages = {},
  title = {Achieving emission reductions in the Central Highlands of Viet Nam to support National REDD+ Action Programme goals - Feasibility Study},
  doi = {},
  keywords = {}
}

@TECHREPORT{FAO2020fwpunk,
  author = {FAO},
  institution = {Food and Agriculture Organization of the United Nations},
  type = {Forestry Working Paper},
  number = {},
  year = {2020},
  month = {},
  pages = {},
  title = {From reference levels to results reporting: REDD+ under the United Nations Framework Convention on Climate Change - 2020 update},
  doi = {},
  keywords = {NEEDS UPDATE}
}

@article{Henry2013,
  TITLE = {{GlobAllomeTree: international platform for tree allometric equations to support volume, biomass and carbon assessment}},
  AUTHOR = {Henry, Matieu and Bombelli, Antonio and Trotta, Carlo and Alessandrini, Alfredo and Birigazzi, Luca and Sola, Gael and Vieilledent, Ghislain and Santenoise, Philippe and Longuetaud, Fleur and Valentini, Riccardo and Picard, Nicolas and Saint-Andr{\'e}, Laurent},
  URL = {https://hal.archives-ouvertes.fr/hal-01195066},
  JOURNAL = {{iForest: Biogeosciences and Forestry}},
  PUBLISHER = {{Italian Society of Silviculture and Forest Ecology}},
  VOLUME = {6},
  PAGES = {E1-E5},
  YEAR = {2013},
  DOI = {10.3832/ifor0901-006},
  KEYWORDS = {Forest Assessment ; LULUCF ; Trees Outside Forests ; Database ; Software ; Communication},
  PDF = {https://hal.archives-ouvertes.fr/hal-01195066/file/2013_Henry_iForest_1.pdf},
  HAL_ID = {hal-01195066},
  HAL_VERSION = {v1},
}

@article{Henry2015,
  title={Assessment of national biomass in complex forests and technical capacity scenarios},
  author={Henry, Matieu and Gamarra, Javier G. P. and Sola, Gael and Birigazzi, Luca and Donegan, Emily and Murillo, Julian and Chiti, Tommaso and Picard, Nicolas and Cifuentes-Jara, Miguel and Sandeep, S and Saint-André, Laurent},
  journal={In: Stanton, Sharon M.; Christensen, Glenn A., comps. 2015. Pushing boundaries: new directions in inventory techniques and applications: Forest Inventory and Analysis (FIA) symposium 2015. 2015 December 8–10; Portland, Oregon. Gen. Tech. Rep. PNW-GTR-931. Portland, OR: U.S. Department of Agriculture, Forest Service, Pacific Northwest Research Station. p 64.},
  volume={931},
  year={2015}
}

@techreport{Hoang2018,
  title       = {Developing Monitoring indicators for activities and intervention packages of Provincial REDD+ Action Plans developed under the UNREDD Viet Nam Phase II Programme},
  author      = {Hoang, V. A. and Phan, T. G. and Sola, Gael},
  year        ={2015},
  institution = {UN-REDD Viet Nam Phase II Programme},
  address     = {Hanoi, Viet Nam}
}

@TECHREPORT{Inoguchi13,
  author      = {Inoguchi, A. and Henry, M. and Birigazzi, L. and Sola, G.},
  title       = {Tree allometric equation development for estimation of forest above-ground biomass in Viet Nam},
  institution = {UN-REDD Programme},
  year        = {2013},
  type        = {},
  number      = {},
  address     = {Hanoi, Viet Nam},
  month       = {}
}

@article{Mugasha2016,
  author = {Mugasha, Wilson and Mwakalukwa, Ezekiel and Luoga, Emannuel and Malimbwi, R.E. and Zahabu, Eliakimu and Silayo, Dos Santos and Sola, Gael and Crete, Philippe and Henry, Matieu and Kashindye, Almas},
  year = {2016},
  month = {},
  pages = {1-13},
  title = {Allometric Models for Estimating Tree Volume and Aboveground Biomass in Lowland Forests of Tanzania},
  volume = {2016},
  journal = {International Journal of Forestry Research},
  doi = {10.1155/2016/8076271}
}

@article{Picard2015,
  author = {Picard, Nicolas and Henry, Matieu and Fonton, Noël and Kondaoulé, Henriette Josiane and Fayolle, Adeline and Birigazzi, Luca and Sola, Gael and Poultouchidou, Anatoli and Trotta, Carlo and Maïdou, Hervé},
  year = {2015},
  month = {},
  pages = {},
  title = {Error in the estimation of emission factors for forest degradation in central Africa},
  volume = {21},
  journal = {Journal of Forest Research},
  doi = {10.1007/s10310-015-0510-5}
}

@BOOK{Sola12,
  title = {Summary of the manual for building tree volume and biomass allometric equations: from field measurement to prediction},
  publisher = {Food and Agriculture Organization of the United Nations and 
	Centre de Coop{\'e}ration Internationale en Recherche Agronomique pour 
	le D{\'e}veloppement},
  year = {2012},
  author = {Sola, G. and Picard, N. and Saint-Andr{\'e}, L. and Henry, M.},
  pages = {20},
  address = {Rome, Montpellier},
  edition = {},
  abstract = {},
  citation = {},
  keywords = {},
  source = {}
}

TECHREPORT{Sola2014,
  author      = {Sola, G. and Vanna, S. and Vesa, L. and Van Rijn, M. and Henry, M.},
  title       = {Forest biomass in Cambodia: from field plot to national estimates},
  institution = {Forestry Department, Food and Agriculture Organization of the United Nations, and
Forest Administration, Royal Government of Cambodia},
  year        = {2014},
  type        = {},
  number      = {},
  address     = {Phnom Penh, Cambodia},
  month       = {}
}

@InProceedings{Sola2015,
  author       = {Sola, G. and Donegan, E. and Gamarra, J. G. P. and Birigazzi, L. and Picard, N. and Saint-Andr{\'e}, L. and Vieilledent, G. and Chiti, T. and Murillo, J. and Henry, M.},
  title        = {Wood density for forest conservation: towards improvement of biomass and carbon stocks in tropical regions},
  booktitle    = {Proceedings of the 27th International Congress for Conservation Biology and 4th European Congress for Conservation Biology "Mission biodiversity: choosing new paths for conservation"},
  year         = {2015},
  editor       = {Visconti, P. and Game, E. AND Mathevet R. AND Wilkerson M.},
  volume       = {International Congress for Conservation Biology},
  number       = {27},
  publisher    = {Washington DC: Society for conservation biology}
}

@TECHREPORT{Sola2019,
  author      = {Sola, G. and So, T. and Van Rijn, M.},
  title       = {Updated Forest carbon stocks for REDD+ Emission and Removal Factors in Cambodia},
  institution = {FCPF project},
  year        = {2019},
  type        = {},
  number      = {},
  address     = {Phnom Penh, Cambodia},
  month       = {}
}

@TECHREPORT{Sola2020,
  author      = {Sola, G. and Kerdmongkol, A. and Phromphan, S. and Trachoo, I. and Van Rijn, M. and Chitechote, A. and Saengnin, S.},
  title       = {Developing Forest carbon stocks estimates for REDD+ Emission and Removal Factors
in Thailand},
  institution = {Food and Agriculture Organization of the United Nations, Thailand Department of National Park, Wildlife and Plant Conservation, FCPF project},
  year        = {2020},
  type        = {},
  number      = {},
  address     = {Bangkok, Thailand},
  month       = {}
}


------------------------------------------------------------
Contributions (added keyword 'contrib' for biblatex)

@book{FAO2017vgnfm,
  title     = "Voluntary guidelines on national forest monitoring",
  author    = "FAO",
  year      = 2017,
  publisher = "Food and Agriculture Organization of the United Nations",
  address   = "Rome",
  keywords = {contrib}
}

@TECHREPORT{FAO2019fwp09,
  author = {FAO},
  institution = {Food and Agriculture Organization of the United Nations},
  type = {Forestry Working Paper},
  number = {09},
  year = {2019},
  month = {},
  pages = {},
  title = {From reference levels to results reporting: REDD+ under the United Nations Framework Convention on Climate Change - 2019 update},
  doi = {10.13140/RG.2.2.31062.60486},
  keywords = {contrib}
}

@TECHREPORT{FAO2020fwp16,
  author = {FAO},
  institution = {Food and Agriculture Organization of the United Nations},
  type = {Forestry Working Paper},
  number = {16},
  year = {2020},
  month = {},
  pages = {},
  title = {Better data, better decisions: Towards impactful forest monitoring},
  doi = {10.13140/RG.2.2.34030.02888},
  keywords = {contrib}
}

@article{Huy2016a, 
  title={Allometric Equations for Estimating Tree Aboveground Biomass in Tropical Dipterocarp Forests of Vietnam},
  volume={7}, 
  ISSN={1999-4907}, 
  url={http://dx.doi.org/10.3390/f7080180}, 
  DOI={10.3390/f7080180}, 
  number={12}, 
  journal={Forests}, 
  publisher={MDPI AG},
  author={Huy, Bao and Poudel, Krishna and Kralicek, Karin and Hung, Nguyen and Khoa, Phung and Phuong, Vu and Temesgen, Hailemariam}, 
  year={2016}, 
  month={},
  pages={180},
  keywords = {contrib}
}

@article{Huy2016b,
title = "Allometric equations for estimating tree aboveground biomass in evergreen broadleaf forests of Viet Nam",
journal = "Forest Ecology and Management",
volume = "382",
pages = "193 - 205",
year = "2016",
issn = "0378-1127",
doi = "https://doi.org/10.1016/j.foreco.2016.10.021",
url = "http://www.sciencedirect.com/science/article/pii/S0378112716307757",
author = "Bao Huy and Karin Kralicek and Krishna P. Poudel and Vu Tan Phuong and Phung Van Khoa and Nguyen Dinh Hung and Hailemariam Temesgen",
keywords = "contrib"
}

@BOOK{Picard12,
  title = {Manual for building tree volume and biomass allometric equations: from field measurement to prediction},
  publisher = {Food and Agriculture Organization of the United Nations and 
	Centre de Coop{\'e}ration Internationale en Recherche Agronomique pour 
	le D{\'e}veloppement},
  year = {2012},
  author = {Picard, N. and Saint-Andr{\'e}, L. and Henry, M.},
  pages = {215},
  address = {Rome, Montpellier},
  edition = {},
  abstract = {},
  citation = {},
  keywords = {contrib},
  source = {},
  isbn = {E-ISBN 978-92-5-107347-6},
  url = {http://www.fao.org/3/i3058e/i3058e.pdf}
}
